@book{liangkunmiao,
  title={数学物理方法},
  author={梁昆淼 and 刘法 and 缪国庆},
  year={2010},
  publisher={高等教育出版社}
}

@book{yangbojun,
  title={高等数学物理方法},
  author={杨伯君 and 赵玉芳},
  year={2003},
  publisher={北京邮电大学出版社}
}

@book{guoyucui,
  title={非线性偏微分方程引论},
  author={郭玉翠},
  year={2008},
  publisher={北京邮电大学出版社}
}

@book{zhangxiao,
  title={Matlab 微分方程高效解法：谱方法原理与实现},
  author={张晓},
  year={2015},
  publisher={机械工业出版社}
}

@book{Agrawal,
  title={非线性光纤光学},
  author={P.Agrawal Govind},
  year={2019},
  publisher={电子工业出版社}
}

@book{Anne,
  title={数值方法：设计、分析和算法实现},
  author={Greenbaum Anne and P.Chartier Timothy},
  year={2021},
  publisher={机械工业出版社}
}

@article{Taha,
  title={Analytical and numerical aspects of certain nonlinear evolution equations. II. Numerical, nonlinear Schrödinger equation},
  author={R.Taha Thiab and J.Ablowitz Mark},
  journal={Journal of Computational Physics},
  volume={55},
  number={2},
  pages={203--230},
  year={1984}
}

@article{Hasegawa,
  title={Transmission of stationary nonlinear optical pulses in dispersive dielectric fibers. I. Anomalous dispersion},
  author={Hasegawa Akira and Tappert Frederick},
  journal={Applied Physics Letters},
  volume={23},
  number={3},
  pages={142--144},
  year={1973}
}

@article{Fisher,
  title={Numerical studies of the interplay between self‐phase modulation and dispersion for intense plane‐wave laser pulses},
  author={A.Fisher Robert and K.Bischel William},
  journal={Journal of Applied Physics},
  volume={46},
  number={11},
  pages={4921--4934},
  year={1975}
}

@article{Fornberg,
  title={A numerical and theoretical study of certain nonlinear wave phenomena},
  author={B.Fornberg and G.B.Whitham},
  journal={Sciences},
  volume={289},
  number={1361},
  pages={373–404},
  year={1978}
}

@inproceedings{Tappert,
  booktitle={Nonlinear Wave Motion},
  title={Numerical solutions of the Korteweg-de Vries equation and its generalizations by the split-step Fourier method},
  author={F.Tappert},
  volume={289},
  pages={215--216},
  year={1974}
}

@article{Qianshun,
  title={Difference Schemes for Solving the Generalized Nonlinear Schr  ̈ odinger Equation},
  author={Qianshun Chang and Erhui Jia and W. Sun},
  journal={Journal of Computational Physics},
  volume={148},
  number={2},
  pages={397-415},
  year={1999}
}

@article{Chellappan,
  title={Spectral solutions to the Korteweg-de-Vries and nonlinear Schrodinger equations},
  author={Chellappan Vinita and S.Gopalakrishnan and V.Mani},
  journal={Chaos, Solitons and Fractals},
  volume={81},
  number={2},
  pages={150--161},
  year={2015}
}

@article{Zakharov,
  title={Exact Theory of Two-dimensional Self-focusing and One-dimensional Self-modulation of Waves in Nonlinear Media},
  author={V.E.Zakharov and A.B.Shabet},
  journal={Soviet Journal of Experimental and Theoretical Physics},
  volume={34},
  pages={62--69},
  year={1972}
}

@article{Greig,
  title={A Hopscotch method for the Korteweg-de-Vries equation},
  author={I.S.Greig and J.Ll.Morris},
  journal={Journal of Computational Physics},
  volume={20},
  number={1},
  pages={64--80},
  year={1976}
}


