@book{Agrawal,
  title={非线性光纤光学},
  author={P.Agrawal Govind},
  year={2019},
  publisher={电子工业出版社}
}

@book{zhangxiao,
  title={Matlab 微分方程高效解法：谱方法原理与实现},
  author={张晓},
  year={2015},
  publisher={机械工业出版社}
}

@book{liangkunmiao,
  title={数学物理方法},
  author={梁昆淼 and 刘法 and 缪国庆},
  year={2010},
  publisher={高等教育出版社}
}

@article{Hasegawa,
  title={Transmission of stationary nonlinear optical pulses in dispersive dielectric fibers. I. Anomalous dispersion},
  author={Hasegawa Akira and Tappert Frederick},
  journal={Applied Physics Letters},
  volume={23},
  number={3},
  pages={142--144},
  year={1973}
}

@article{Taha,
  title={Analytical and numerical aspects of certain nonlinear evolution equations. II. Numerical, nonlinear Schrödinger equation},
  author={R.Taha Thiab and J.Ablowitz Mark},
  journal={Journal of Computational Physics},
  volume={55},
  number={2},
  pages={203--230},
  year={1984}
}